@misc{ReactJS,
  title = {Thư viện ReactJS},
  url = {https://reactjs.org/docs},
  urldate = {2023-02-08}
}

@misc{NextJS,
  title = {Framework NextJS},
  url = {https://nextjs.org/docs},
  urldate = {2023-01-28}
}

@misc{ExpressJS,
  title = {Framework ExpressJS},
  url = {https://expressjs.com/en/guide/routing.html},
  urldate = {2023-01-02}
}

@misc{Novu,
  title = {Novu},
  url = {https://docs.novu.co},
  urldate = {2023-02-21}
}

@misc{Chatwoot,
  title = {Chatwoot},
  url = {https://www.chatwoot.com/docs},
  urldate = {2023-02-17}
}

@misc{FirebaseAuthentication,
  title = {Firebase Authentication},
  url = {https://firebase.google.com/docs/auth},
  urldate = {2023-02-20}
}

@misc{Antd,
  title = {Antd Design},
  url = {https://ant.design},
  urldate = {2023-02-27}
}

@misc{Prisma,
  title = {Prisma},
  url = {https://www.prisma.io/docs},
  urldate = {2023-02-18}
}

@misc{Vercel,
  title = {Vercel},
  url = {https://vercel.com/docs},
  urldate = {2023-02-28}
}

@misc{DigitalOcean,
  title = {Digital Ocean App Platform},
  url = {https://www.digitalocean.com/products/app-platform},
  urldate = {2023-02-24}
}

@misc{Eddy,
  title = {Eddy},
  url = {https://eddy.com},
  urldate = {2022-11-20}
}

@misc{Paycor,
  title = {Paycor},
  url = {https://www.paycor.com},
  urldate = {2022-11-19}
}

@misc{Deel,
  title = {Deel},
  url = {https://www.paycor.com},
  urldate = {2022-11-19}
}


